@article{saaty1984,
	title = {Comparison of eigenvalue, logarithmic least squares and least squares methods in estimating ratios},
	pages = {309--324},
	journaltitle = {Mathematical Modelling},
	shortjournal = {Mathematical Modelling},
	author = {Saaty, Thomas L. and Vargas, Luis G.},
	date = {1984},
}

@article{krivulin2019,
	title = {Методы тропической оптимизации в многокритериальных задачах оценки альтернатив на основе парных сравнений},
	pages = {472--488},
	journaltitle = {Вестник Санкт-Петербургского университета. Прикладная математика. Информатика. Процессы управления},
	author = {Кривулин, Н. К. and Агеев, В. А.},
	date = {2019-12},
	langid = {russian},
}

@article{krivulin2017,
author = {Кривулин, Н. К. and Агеев, В. А. and Гладких, И. В.},
title = {Применение методов тропической оптимизации для оценки альтернатив на основе парных сравнений},
journaltitle = {Вестник Санкт-Петербургского университета. Прикладная математика. Информатика. Процессы управления},
date = {2017},
pages = {27--41},
langid = {russian},
}

@misc{eigenweb,
	author = {Ga\"{e}l Guennebaud and Beno\^{i}t Jacob and others},
	title = {Eigen v3},
	howpublished = {http://eigen.tuxfamily.org},
	year = {2010}
}

@article{ginac_2006,
	title = {{GiNaC} - Symbolic computation with C++},
	volume = {559},
	issn = {01689002},
	url = {http://arxiv.org/abs/hep-ph/0510057},
	doi = {10.1016/j.nima.2005.11.155},
	abstract = {We give an introduction to the C++ library {GiNaC}, which extends the C++ language by new objects and methods for the representation and manipulation of arbitrary symbolic expressions.},
	pages = {282--284},
	number = {1},
	journaltitle = {Nuclear Instruments and Methods in Physics Research Section A: Accelerators, Spectrometers, Detectors and Associated Equipment},
	shortjournal = {Nuclear Instruments and Methods in Physics Research Section A: Accelerators, Spectrometers, Detectors and Associated Equipment},
	author = {Vollinga, Jens},
	urldate = {2021-05-21},
	date = {2006-04},
	eprinttype = {arxiv},
	eprint = {hep-ph/0510057},
	keywords = {High Energy Physics - Phenomenology},
	file = {Vollinga_2006_GiNaC - Symbolic computation with C++.pdf:/home/ilia/docs/Zotero/storage/H9YDSW2Y/Vollinga_2006_GiNaC - Symbolic computation with C++.pdf:application/pdf;arXiv.org Snapshot:/home/ilia/docs/Zotero/storage/BSMHIDC7/0510057.html:text/html}
}


@book{saaty_analytic_1980,
	location = {New York ; London},
	title = {The analytic hierarchy process: planning, priority setting, resource allocation},
	isbn = {978-0-07-054371-3},
	shorttitle = {The analytic hierarchy process},
	pagetotal = {287},
	publisher = {{McGraw}-Hill International Book Co},
	author = {Saaty, Thomas L.},
	date = {1980},
	keywords = {Decision making, Mathematical models}
}
