@article{saaty1984,
	title = {Comparison of eigenvalue, logarithmic least squares and least squares methods in estimating ratios},
	volume = {5},
	issn = {02700255},
	doi = {10.1016/0270-0255(84)90008-3},
	pages = {309--324},
	number = {5},
	journaltitle = {Mathematical Modelling},
	shortjournal = {Mathematical Modelling},
	author = {Saaty, Thomas L. and Vargas, Luis G.},
	urldate = {2021-03-18},
	date = {1984},
	langid = {russian}
}

@article{krivulin2019,
	title = {Методы тропической оптимизации в многокритериальных задачах оценки альтернатив на основе парных сравнений},
	volume = {15},
	issn = {1811-9905},
	pages = {472--488},
	number = {4},
	journaltitle = {ВЕСТНИК САНКТ-ПЕТЕРБУРГСКОГО УНИВЕРСИТЕТА. ПРИКЛАДНАЯ МАТЕМАТИКА. ИНФОРМАТИКА. ПРОЦЕССЫ УПРАВЛЕНИЯ},
	author = {Кривулин, Н. К. and Агеев, В. А.},
	urldate = {2021-03-19},
	date = {2019-12},
	langid = {russian},
	note = {Publisher: Издательство Санкт-Петербургского университета}
}

@misc{eigenweb,
author = {Ga\"{e}l Guennebaud and Beno\^{i}t Jacob and others},
title = {Eigen v3},
howpublished = {http://eigen.tuxfamily.org},
year = {2010}
}